@article{Murase2005VisualLA,
  title={Visual learning and recognition of 3-d objects from appearance},
  author={Hiroshi Murase and Shree K. Nayar},
  journal={International Journal of Computer Vision},
  year={2005},
  volume={14},
  pages={5-24},
  url={https://api.semanticscholar.org/CorpusID:6611218}
}